@inproceedings{conte96,
  title={Accurate and practical profile{-}driven compilation using the
    profile buffer},
  author={Conte, Thomas M and Menezes, Kishore N and Hirsch, Mary Ann},
  booktitle={Proceedings of the 29th annual ACM/IEEE international
    symposium on Microarchitecture},
  pages={36--45},
  year={1996},
  organization={IEEE Computer Society}
}


@inproceedings{chen10,
title={Taming hardware event samples for FDO compilation},
author={Chen, Dehao and Vachharajani, Neil and Hundt, Robert and Liao, Shih{-}wei and Ramasamy, Vinodha and Yuan, Paul and Chen, Wenguang and Zheng, Weimin}, 
booktitle={Proceedings of the 8th annual IEEE/ACM international symposium on Code generation and optimization},
pages={42--52}, year={2010}, organization={ACM}
} 

@mastersthesis{lattner02, 
title={LLVM: An infrastructure for multi{-}stage optimization}, 
author={Lattner, Chris Arthur},
year={2002}, 
school={University of Illinois} 
} 


@misc{dotnet,
title = {Profile{-}Guided Optimizations},
note = {Accessed: 2013-08-20},
month={August},
year=2013,
howpublished = {\url{http://msdn.microsoft.com/en{-}us/library/e7k32f4k(v=vs.90).aspx}}
}

@misc{gcc,
  title={Optimize Options - Using the GNU Compiler Collection},
note = {Accessed: 2013-08-20},
month={August},
year=2013,
  howpublished =
  {\url{http://gcc.gnu.org/onlinedocs/gcc{-}4.7.2/gcc/Optimize{-}Options.html\#index-fprofile\_002duse{-}867}}
}
