@inproceedings{chen06:mpipp,
 author = {Hu Chen and Wenguang Chen and Jian Huang and Bob Robert and
   H. Kuhn},
 title = {MPIPP: An Automatic Profile-guided Parallel Process Placement
   Toolset for SMP Clusters and Multiclusters},
 booktitle = {of the International Conference on Supercomputing (ICS)},
 series = {ICS '06},
 year = {2006},
 isbn = {1-59593-282-8},
 location = {Cairns, Queensland, Australia},
 pages = {353--360},
 numpages = {8},
 url = {http://doi.acm.org/10.1145/1183401.1183451},
 doi = {10.1145/1183401.1183451},
 acmid = {1183451},
 publisher = {ACM},
 address = {New York, NY, USA},
}

@inproceedings{cavazos06,
 author = {John Cavazos and Michael F. P. O'Boyle},
 title = {Method-specific Dynamic Compilation Using Logistic
   Regression},
 booktitle = {of the ACM SIGPLAN Conference on Object-oriented
   Programming Systems, Languages, and Applications (OOPSLA)},
 series = {OOPSLA '06},
 year = {2006},
 isbn = {1-59593-348-4},
 location = {Portland, Oregon, USA},
 pages = {229--240},
 numpages = {12},
 url = {http://doi.acm.org/10.1145/1167473.1167492},
 doi = {10.1145/1167473.1167492},
 acmid = {1167492},
 publisher = {ACM},
 address = {New York, NY, USA},
}

@inproceedings{liu09,
 author = {Lixia Liu and Silvius Rus},
 title = {Perflint: A Context Sensitive Performance Advisor for C++
   Programs},
 booktitle = {of the IEEE/ACM International Symposium on Code Generation
   and Optimization (CGO)},
 series = {CGO '09},
 year = {2009},
 isbn = {978-0-7695-3576-0},
 pages = {265--274},
 numpages = {10},
 url = {http://dx.doi.org/10.1109/CGO.2009.36},
 doi = {10.1109/CGO.2009.36},
 acmid = {1545076},
 publisher = {IEEE Computer Society},
 address = {Washington, DC, USA},
}

@inproceedings{hawkins11,
 author = {Peter Hawkins and Alex Aiken and Kathleen Fisher and
   Martin Rinard and Mooly Sagiv},
 title = {Data Representation Synthesis},
 booktitle = {of the ACM SIGPLAN Conference on Programming Language
   Design and Implementation (PLDI)},
 series = {PLDI '11},
 year = {2011},
 isbn = {978-1-4503-0663-8},
 location = {San Jose, California, USA},
 pages = {38--49},
 numpages = {12},
 url = {http://doi.acm.org/10.1145/1993498.1993504},
 doi = {10.1145/1993498.1993504},
 acmid = {1993504},
 publisher = {ACM},
 address = {New York, NY, USA},
}

@inproceedings{hawkins12,
 author = {Peter Hawkins and Alex Aiken and Kathleen Fisher and
   Martin Rinard and Mooly Sagiv},
 title = {Concurrent Data Representation Synthesis},
 booktitle = {of the ACM SIGPLAN Conference on Programming Language
   Design and Implementation (PLDI)},
 series = {PLDI '12},
 year = {2012},
 isbn = {978-1-4503-1205-9},
 location = {Beijing, China},
 pages = {417--428},
 numpages = {12},
 url = {http://doi.acm.org/10.1145/2254064.2254114},
 doi = {10.1145/2254064.2254114},
 acmid = {2254114},
 publisher = {ACM},
 address = {New York, NY, USA},
}

@inproceedings{burmako2013scala,
 author = {Eugene Burmako},
 title = {Scala Macros: Let Our Powers Combine!: On How Rich Syntax and
   Static Types Work with Metaprogramming},
 booktitle = {of the Workshop on Scala (SCALA)},
 series = {SCALA '13},
 year = {2013},
 isbn = {978-1-4503-2064-1},
 location = {Montpellier, France},
 pages = {3:1--3:10},
 articleno = {3},
 numpages = {10},
 url = {http://doi.acm.org/10.1145/2489837.2489840},
 doi = {10.1145/2489837.2489840},
 acmid = {2489840},
 publisher = {ACM},
 address = {New York, NY, USA},
}

@inproceedings{grove95,
 author = {David Grove and Jeffrey Dean and Charles Garrett and
   Craig Chambers},
 title = {Profile-guided receiver class prediction},
 booktitle = {of the ACM SIGPLAN Conference on Object-oriented
   Programming Systems, Languages, and Applications (OOPSLA)},
 series = {OOPSLA '95},
 year = {1995},
 isbn = {0-89791-703-0},
 location = {Austin, Texas, USA},
 pages = {108--123},
 numpages = {16},
 url = {http://doi.acm.org/10.1145/217838.217848},
 doi = {10.1145/217838.217848},
 acmid = {217848},
 publisher = {ACM},
 address = {New York, NY, USA},
}

@inproceedings{keep2013nanopass,
 author = {Andrew W. Keep and R. Kent Dybvig},
 title = {A Nanopass Framework for Commercial Compiler Development},
 booktitle = {of the ACM SIGPLAN International Conference on Functional
   Programming (ICFP)},
 series = {ICFP '13},
 year = {2013},
 isbn = {978-1-4503-2326-0},
 location = {Boston, Massachusetts, USA},
 pages = {343--350},
 numpages = {8},
 url = {http://doi.acm.org/10.1145/2500365.2500618},
 doi = {10.1145/2500365.2500618},
 acmid = {2500618},
 publisher = {ACM},
 address = {New York, NY, USA},
}

@inproceedings{hwu89,
 author = {W. Hwu and P. Chang},
 title = {Achieving High Instruction Cache Performance with an
   Optimizing Compiler},
 booktitle = {of the 16th Annual International Symposium on
  Computer Architecture (ISCA)},
 series = {ISCA '89},
 year = {1989},
 isbn = {0-89791-319-1},
 location = {Jerusalem, Israel},
 pages = {242--251},
 numpages = {10},
 url = {http://doi.acm.org/10.1145/74925.74953},
 doi = {10.1145/74925.74953},
 acmid = {74953},
 publisher = {ACM},
 address = {New York, NY, USA},
}

@inproceedings{pettis90,
 author = {Karl Pettis and Robert C. Hansen},
 title = {Profile Guided Code Positioning},
 booktitle = {of the ACM SIGPLAN Conference on Programming Language
   Design and Implementation (PLDI)},
 series = {PLDI '90},
 year = {1990},
 isbn = {0-89791-364-7},
 location = {White Plains, New York, USA},
 pages = {16--27},
 numpages = {12},
 url = {http://doi.acm.org/10.1145/93542.93550},
 doi = {10.1145/93542.93550},
 acmid = {93550},
 publisher = {ACM},
 address = {New York, NY, USA},
}

@book{gupta02,
  author={Rajiv Gupta and Eduard Mehofer and Youtao Zhang},
  title={Profile Guided Code Optimization},
  booktitle={The compiler design handbook: optimizations and machine
    code generation},
  editor={YN Srikant and Priti Shankar},
  year={2002},
  publisher={CRC Press}
}

@inproceedings{furr09,
 author = {Michael Furr and Jong-hoon (David) An and Jeffrey S. Foster},
 title = {Profile-guided Static Typing for Dynamic Scripting Languages},
 booktitle = {of the ACM SIGPLAN Conference on Object Oriented
   Programming Systems Languages and Applications (OOPSLA)},
 series = {OOPSLA '09},
 year = {2009},
 isbn = {978-1-60558-766-0},
 location = {Orlando, Florida, USA},
 pages = {283--300},
 numpages = {18},
 url = {http://doi.acm.org/10.1145/1640089.1640110},
 doi = {10.1145/1640089.1640110},
 acmid = {1640110},
 publisher = {ACM},
 address = {New York, NY, USA},
}

@inproceedings{chen06:garbage,
 author = {Wen-ke Chen and Sanjay Bhansali and Trishul Chilimbi and
   Xiaofeng Gao and Weihaw Chuang},
 title = {Profile-guided Proactive Garbage Collection for Locality
   Optimization},
 booktitle = {of the ACM SIGPLAN Conference on Programming Language
   Design and Implementation (PLDI)},
 series = {PLDI '06},
 year = {2006},
 isbn = {1-59593-320-4},
 location = {Ottawa, Ontario, Canada},
 pages = {332--340},
 numpages = {9},
 url = {http://doi.acm.org/10.1145/1133981.1134021},
 doi = {10.1145/1133981.1134021},
 acmid = {1134021},
 publisher = {ACM},
 address = {New York, NY, USA},
}

@inproceedings{luk02,
 author = {Chi-Keung Luk and Robert Muth and Harish Patil and Richard
   Weiss and P. Geoffrey Lowney and Robert Cohn},
 title = {Profile-guided Post-link Stride Prefetching},
 booktitle = {of the International Conference on Supercomputing (ICS)},
 series = {ICS '02},
 year = {2002},
 isbn = {1-58113-483-5},
 location = {New York, New York, USA},
 pages = {167--178},
 numpages = {12},
 url = {http://doi.acm.org/10.1145/514191.514217},
 doi = {10.1145/514191.514217},
 acmid = {514217},
 publisher = {ACM},
 address = {New York, NY, USA},
}

@inproceedings{debray02,
 author = {Saumya Debray and William Evans},
 title = {Profile-guided Code Compression},
 booktitle = {of the ACM SIGPLAN Conference on Programming Language
   Design and Implementation (PLDI)},
 series = {PLDI '02},
 year = {2002},
 isbn = {1-58113-463-0},
 location = {Berlin, Germany},
 pages = {95--105},
 numpages = {11},
 url = {http://doi.acm.org/10.1145/512529.512542},
 doi = {10.1145/512529.512542},
 acmid = {512542},
 publisher = {ACM},
 address = {New York, NY, USA},
}

@incollection{jesper08,
  author = {Jesper Andersson and Morgan Ericsson and Christoph Kessler
    and Welf Löwe},
  title = {Profile-Guided Composition},
  booktitle = {Software Composition},
  series = {Lecture Notes in Computer Science},
  year = {2008},
  isbn = {978-3-540-78788-4},
  volume = {4954},
  editor = {Cesare Pautasso and Éric Tanter},
  url = {http://dx.doi.org/10.1007/978-3-540-78789-1_12},
  doi = {10.1007/978-3-540-78789-1_12},
  publisher = {Springer Berlin Heidelberg},
  pages = {157--164},
}

@inproceedings{rafkind12,
 author = {Jon Rafkind and Matthew Flatt},
 title = {Honu: Syntactic Extension for Algebraic Notation Through
   Enforestation},
 booktitle = {of the International Conference on Generative Programming
   and Component Engineering (GPCE)},
 series = {GPCE '12},
 year = {2012},
 isbn = {978-1-4503-1129-8},
 location = {Dresden, Germany},
 pages = {122--131},
 numpages = {10},
 url = {http://doi.acm.org/10.1145/2371401.2371420},
 doi = {10.1145/2371401.2371420},
 acmid = {2371420},
 publisher = {ACM},
 address = {New York, NY, USA},
}

@inproceedings{sujeeth13,
 author = {Arvind K. Sujeeth and Austin Gibbons and Kevin J. Brown and
   HyoukJoong Lee and Tiark Rompf and Martin Odersky and Kunle
     Olukotun},
 title = {Forge: Generating a High Performance DSL Implementation from a
 Declarative Specification},
 booktitle = {of the International Conference on Generative Programming:
   Concepts & Experiences (GPCE)},
 series = {GPCE '13},
 year = {2013},
 isbn = {978-1-4503-2373-4},
 location = {Indianapolis, Indiana, USA},
 pages = {145--154},
 numpages = {10},
 url = {http://doi.acm.org/10.1145/2517208.2517220},
 doi = {10.1145/2517208.2517220},
 acmid = {2517220},
 publisher = {ACM},
 address = {New York, NY, USA},
}

@article{sujeeth2014delite,
 author = {Arvind K. Sujeeth and Kevin J. Brown and Hyoukjoong Lee and
   Tiark Rompf and Hassan Chafi and Martin Odersky and Kunle Olukotun},
 title = {Delite: A Compiler Architecture for Performance-Oriented
   Embedded Domain-Specific Languages},
 journal = {ACM Transactions on Embedded Computing Systems (TECS)},
 issue_date = {July 2014},
 volume = {13},
 number = {4s},
 month = apr,
 year = {2014},
 issn = {1539--9087},
 TODO = {scribble cant parse these pages},
 OPTpages = {134:1--134:25},
 articleno = {134},
 numpages = {25},
 url = {http://doi.acm.org/10.1145/2584665},
 doi = {10.1145/2584665},
 acmid = {2584665},
 publisher = {ACM},
 address = {New York, NY, USA},
}

@inproceedings{rompf10,
 author = {Tiark Rompf and Martin Odersky},
 title = {Lightweight Modular Staging: A Pragmatic Approach to Runtime
   Code Generation and Compiled DSLs},
 booktitle = {of the International Conference on Generative Programming
   and Component Engineering (GPCE)},
 series = {GPCE '10},
 year = {2010},
 isbn = {978-1-4503-0154-1},
 location = {Eindhoven, The Netherlands},
 pages = {127--136},
 numpages = {10},
 url = {http://doi.acm.org/10.1145/1868294.1868314},
 doi = {10.1145/1868294.1868314},
 acmid = {1868314},
 publisher = {ACM},
 address = {New York, NY, USA},
}


@inproceedings{tobin-hochstadt11,
 author = {Sam Tobin-Hochstadt and Vincent St-Amour and Ryan Culpepper
   and Matthew Flatt and Matthias Felleisen},
 title = {Languages As Libraries},
 booktitle = {of the ACM SIGPLAN Conference on Programming Language
   Design and Implementation (PLDI)},
 series = {PLDI '11},
 year = {2011},
 isbn = {978-1-4503-0663-8},
 location = {San Jose, California, USA},
 pages = {132--141},
 numpages = {10},
 url = {http://doi.acm.org/10.1145/1993498.1993514},
 doi = {10.1145/1993498.1993514},
 acmid = {1993514},
 publisher = {ACM},
 address = {New York, NY, USA},
}

@inproceedings{flatt09,
 author = {Matthew Flatt and Eli Barzilay and Robert Bruce Findler},
 title = {Scribble: Closing the Book on Ad Hoc Documentation Tools},
 booktitle = {of the ACM SIGPLAN International Conference on Functional
   Programming (ICFP)},
 series = {ICFP '09},
 year = {2009},
 isbn = {978-1-60558-332-7},
 location = {Edinburgh, Scotland},
 pages = {109--120},
 numpages = {12},
 url = {http://doi.acm.org/10.1145/1596550.1596569},
 doi = {10.1145/1596550.1596569},
 acmid = {1596569},
 publisher = {ACM},
 address = {New York, NY, USA},
}

@inproceedings{tobin-hochstadt08,
 author = {Sam Tobin-Hochstadt and Matthias Felleisen},
 title = {The Design and Implementation of Typed Scheme},
 booktitle = {of the ACM SIGPLAN-SIGACT Symposium on Principles of
   Programming Languages (POPL)},
 series = {POPL '08},
 year = {2008},
 isbn = {978-1-59593-689-9},
 location = {San Francisco, California, USA},
 pages = {395--406},
 numpages = {12},
 url = {http://doi.acm.org/10.1145/1328438.1328486},
 doi = {10.1145/1328438.1328486},
 acmid = {1328486},
 publisher = {ACM},
 address = {New York, NY, USA},
}

@inproceedings{barzilay05,
 author = {Eli Barzilay and John Clements},
 title = {Laziness Without All the Hard Work: Combining Lazy and Strict
   Languages for Teaching},
 booktitle = {of the Workshop on Functional and Declarative Programming
   in Education (FDPE)},
 series = {FDPE '05},
 year = {2005},
 isbn = {1-59593-067-1},
 location = {Tallinn, Estonia},
 pages = {9--13},
 numpages = {5},
 url = {http://doi.acm.org/10.1145/1085114.1085118},
 doi = {10.1145/1085114.1085118},
 acmid = {1085118},
 publisher = {ACM},
 address = {New York, NY, USA},
}


@article{schmidt1998profile,
  author = {William J. Schmidt and Robert R. Roediger and Cynthia S.
    Mestad and Bilha Mendelson and Inbal Shavit-Lottem and Vita
    Bortnikov-Sitnitsky},
  journal = {IBM Systems Journal},
  title = {Profile-directed restructuring of operating system code},
  year = {1998},
  month = {},
  volume = {37},
  number = {2},
  pages = {270--297},
  doi = {10.1147/sj.372.0270},
  ISSN = {0018-8670},
}

@inproceedings{farmer2012hermit,
 author = {Andrew Farmer and Andy Gill and Ed Komp and Neil Sculthorpe},
 title = {The HERMIT in the Machine: A Plugin for the Interactive
   Transformation of GHC Core Language Programs},
 booktitle = {of the ACM SIGPLAN Haskell Symposium (Haskell)},
 series = {Haskell '12},
 year = {2012},
 isbn = {978-1-4503-1574-6},
 location = {Copenhagen, Denmark},
 pages = {1--12},
 numpages = {12},
 url = {http://doi.acm.org/10.1145/2364506.2364508},
 doi = {10.1145/2364506.2364508},
 acmid = {2364508},
 publisher = {ACM},
 address = {New York, NY, USA},
}

@inproceedings{sheard2002template,
 author = {Tim Sheard and Simon Peyton Jones},
 title = {Template Meta-programming for Haskell},
 booktitle = {of the ACM SIGPLAN Workshop on Haskell (Haskell)},
 series = {Haskell '02},
 year = {2002},
 isbn = {1-58113-605-6},
 location = {Pittsburgh, Pennsylvania},
 pages = {1--16},
 numpages = {16},
 url = {http://doi.acm.org/10.1145/581690.581691},
 doi = {10.1145/581690.581691},
 acmid = {581691},
 publisher = {ACM},
 address = {New York, NY, USA},
}

@inproceedings{holzle1994optimizing,
 author = {Urs Hölzle and David Ungar},
 title = {Optimizing Dynamically-dispatched Calls with Run-time Type
   Feedback},
 booktitle = {of the ACM SIGPLAN Conference on Programming Language
   Design and Implementation (PLDI)},
 series = {PLDI '94},
 year = {1994},
 isbn = {0-89791-662-X},
 location = {Orlando, Florida, USA},
 pages = {326--336},
 numpages = {11},
 url = {http://doi.acm.org/10.1145/178243.178478},
 doi = {10.1145/178243.178478},
 acmid = {178478},
 publisher = {ACM},
 address = {New York, NY, USA},
}

@inproceedings{Arnold:2000,
 author = {Matthew Arnold and Stephen Fink and Vivek Sarkar and Peter F.
   Sweeney},
 title = {A Comparative Study of Static and Profile-based Heuristics for
   Inlining},
 booktitle = {of the ACM SIGPLAN Workshop on Dynamic and Adaptive
   Compilation and Optimization (DYNAMO)},
 series = {DYNAMO '00},
 year = {2000},
 isbn = {1-58113-241-7},
 pages = {52--64},
 numpages = {13},
 url = {http://doi.acm.org/10.1145/351397.351416},
 doi = {10.1145/351397.351416},
 acmid = {351416},
 publisher = {ACM},
 address = {New York, NY, USA},
}

@article{ball1994optimally,
 author = {Thomas Ball and James R. Larus},
 title = {Optimally Profiling and Tracing Programs},
 journal = {ACM Transactions on Programming Languages and Systems
   (TOPLAS)},
 issue_date = {July 1994},
 volume = {16},
 number = {4},
 month = jul,
 year = {1994},
 issn = {0164-0925},
 pages = {1319--1360},
 numpages = {42},
 url = {http://doi.acm.org/10.1145/183432.183527},
 doi = {10.1145/183432.183527},
 acmid = {183527},
 publisher = {ACM},
 address = {New York, NY, USA},
}

@inproceedings{vsimunic2000source,
 author={Tajana Šimunić and Luca Benini and Giovanni De Micheli and Mat
   Hans},
 title = {Source Code Optimization and Profiling of Energy Consumption
   in Embedded Systems},
 booktitle = {of the International Symposium on System Synthesis
   (ISSS)},
 series = {ISSS '00},
 year = {2000},
 isbn = {1-58113-267-0},
 location = {Madrid, Spain},
 pages = {193--198},
 numpages = {6},
 url = {http://dx.doi.org/10.1109/ISSS.2000.874049},
 doi = {10.1109/ISSS.2000.874049},
 acmid = {501831},
 publisher = {IEEE Computer Society},
 address = {Washington, DC, USA},
}

@inproceedings{karuri2005fine,
 author = {Kingshuk Karuri and Mohammad Abdullah Al Faruque and Stefan
   Kraemer and Rainer Leupers and Gerd Ascheid and Heinrich Meyr},
  booktitle = {of the Design Automation Conference (DAC)},
  title = {Fine-grained application source code profiling for ASIP
    design},
  year = {2005},
  month = {June},
  pages = {329--334},
  url = {http://doi.acm.org/10.1145/1065579.1065666},
  doi = {10.1145/1065579.1065666},
}

@inproceedings{burger1998infrastructure,
  author = {Robert G. Burger and R. Kent Dybvig},
  booktitle = {of the International Conference on Computer Languages
    (ICCL)},
  title = {An infrastructure for profile-driven dynamic recompilation},
  year = {1998},
  month = {May},
  pages = {240--249},
  doi = {10.1109/ICCL.1998.674174},
  url = {http://dx.doi.org/10.1109/ICCL.1998.674174},
  ISSN = {1074-8970},
}

@inproceedings{lattner2004llvm,
  author={Chris Lattner and Vikram Adve},
  title={LLVM: A Compilation Framework for Lifelong Program Analysis
    & Transformation},
  booktitle={of the IEEE/ACM International Symposium on Code Generation
    and Optimization (CGO)},
  year={2004},
  month={March},
  pages={75--86},
  doi={10.1109/CGO.2004.1281665},
  isbn = {0-7695-2102-9},
  url = {http://dx.doi.org/10.1109/CGO.2004.1281665},
  publisher = {IEEE Computer Society},
  address = {Washington, DC, USA},
}

@inproceedings{chen10,
 author = {Deheo Chen and Neil Vachharajani and Robert Hundt and
   Shih-wei Liao and Vinodha Ramasamy and Paul Yuan and Wenguang Chen
     and Weimin Zheng},
 title = {Taming Hardware Event Samples for FDO Compilation},
 booktitle = {of the IEEE/ACM International Symposium on Code Generation
   and Optimization (CGO)},
 series = {CGO '10},
 year = {2010},
 isbn = {978-1-60558-635-9},
 location = {Toronto, Ontario, Canada},
 pages = {42--52},
 numpages = {11},
 url = {http://doi.acm.org/10.1145/1772954.1772963},
 doi = {10.1145/1772954.1772963},
 acmid = {1772963},
 publisher = {ACM},
 address = {New York, NY, USA},
}

@article{taha00,
  author = {Walid Taha and Tim Sheard},
  title = {MetaML and multi-stage programming with explicit
    annotations},
  journal = {Theoretical Computer Science},
  volume = {248},
  number = {1--2},
  pages = {211--242},
  year = {2000},
  note = {PEPM'97},
  issn = {0304-3975},
  url = {http://dx.doi.org/10.1016/S0304-3975(00)00053-0},
}

@inproceedings{czarnecki04,
  author = {Krzysztof Czarnecki and John T. O’Donnell and Jörg
    Striegnitz and Walid Taha},
  title = {DSL Implementation in MetaOCaml, Template Haskell, and C++},
  booktitle = {Domain-Specific Program Generation},
  year = {2004},
  isbn = {978-3-540-22119-7},
  volume = {3016},
  series = {Lecture Notes in Computer Science},
  editor = {Christian Lengauer and Don Batory and Charles Consel and
    Martin Odersky},
  doi = {10.1007/978-3-540-25935-0_4},
  url = {http://dx.doi.org/10.1007/978-3-540-25935-0_4},
  publisher = {Springer Berlin Heidelberg},
  pages = {51--72},
  language = {English},
}

@inproceedings{erdweg11,
 author = {Sebastian Erdweg and Tillmann Rendel and Christian Kästner
   and Klaus Ostermann},
 title = {SugarJ: Library-based Syntactic Language Extensibility},
 booktitle = {of the ACM International Conference on Object Oriented
   Programming Systems Languages and Applications (OOPSLA)},
 series = {OOPSLA '11},
 year = {2011},
 isbn = {978-1-4503-0940-0},
 location = {Portland, Oregon, USA},
 pages = {391--406},
 numpages = {16},
 url = {http://doi.acm.org/10.1145/2048066.2048099},
 doi = {10.1145/2048066.2048099},
 acmid = {2048099},
 publisher = {ACM},
 address = {New York, NY, USA},
}

@article{bermetaocaml,
  year = {2014},
  isbn = {978-3-319-07150-3},
  journal  =  {Functional and Logic Programming},
  volume = {8475},
  series = {Lecture Notes in Computer Science},
  editor = {Michael Codish and Eijiro Sumii},
  doi = {10.1007/978-3-319-07151-0_6},
  title = {The Design and Implementation of BER MetaOCaml},
  url = {http://dx.doi.org/10.1007/978-3-319-07151-0_6},
  publisher = {Springer International Publishing},
  author = {Oleg Kiselyov},
  pages = {86--102},
  language = {English},
}

@article{dybvig93,
  author = {R. Kent Dybvig and Robert Hieb and Carl Bruggeman},
  title = {Syntactic Abstraction in Scheme},
  year = {1993},
  issn = {0892-4635},
  journal = {LISP and Symbolic Computation},
  volume = {5},
  number = {4},
  doi = {10.1007/BF01806308},
  url = {http://dx.doi.org/10.1007/BF01806308},
  publisher = {Kluwer Academic Publishers},
  pages = {295--326},
  language = {English}
}
